<?xml version="1.0" encoding="UTF-8"?><collection xmlns="http://www.loc.gov/MARC21/slim"><record><leader>00559nam--2200169-i-4500</leader><controlfield tag="001">000036031</controlfield><controlfield tag="002">20161230</controlfield><controlfield tag="005">20161230201040</controlfield><controlfield tag="008">060222s1000------------r-----000-0-eng-d</controlfield><datafield ind1=" " ind2=" " tag="040"><subfield code="a">IFIN-HH</subfield></datafield><datafield ind1=" " ind2=" " tag="080"><subfield code="a">534.3:681.8</subfield></datafield><datafield ind1="1" ind2=" " tag="100"><subfield code="a">Olson, Harry F</subfield></datafield><datafield ind1="1" ind2="0" tag="245"><subfield code="a">Musical engineering</subfield><subfield code="b">An engineering treatment of interrelated subjects of speech, music, musical instruments, acoustics, sound reproduction and hearing</subfield><subfield code="c">Harry f. olson</subfield></datafield><datafield ind1=" " ind2=" " tag="260"><subfield code="a">New York, Mcgraw-hill, 1952,</subfield></datafield><datafield ind1=" " ind2=" " tag="300"><subfield code="a">IX + 369P.CU FIG</subfield></datafield><datafield ind1=" " ind2=" " tag="852"><subfield code="a">10569</subfield><subfield code="c">534</subfield></datafield><datafield ind1=" " ind2=" " tag="CAT"><subfield code="a">Sys</subfield><subfield code="c">20101006</subfield><subfield code="h">133456</subfield></datafield></record></collection>